%% This BibTeX bibliography file was created using BibDesk.
%% http://bibdesk.sourceforge.net/


%% Created for Hendrik Noeller at 2018-05-26 01:25:45 +0200 


%% Saved with string encoding Unicode (UTF-8) 



@inproceedings{hermans,
	Author = {Hermans, Michiel and Schrauwen, Benjamin},
	Booktitle = {Advances in neural information processing systems},
	Date-Added = {2018-05-25 23:16:52 +0000},
	Date-Modified = {2018-05-25 23:16:57 +0000},
	Pages = {190--198},
	Title = {Training and analysing deep recurrent neural networks},
	Year = {2013}}

@unpublished{cotterell,
	Author = {Ryan Cotterell and Sebastian J. Mielke and Jason Eisner and Brian Roark},
	Date-Added = {2018-05-25 22:57:16 +0000},
	Date-Modified = {2018-05-25 22:58:08 +0000},
	Title = {All All Languages Equally Hard to Language-Model?},
	Year = {2018}}

@book{herdan,
	Author = {Herdan, Gustav},
	Date-Added = {2018-05-25 13:09:58 +0000},
	Date-Modified = {2018-05-25 13:10:02 +0000},
	Publisher = {Mouton},
	Title = {Type-token mathematics},
	Volume = {4},
	Year = {1960}}

@article{zoph,
	Author = {Zoph, Barret and Le, Quoc V},
	Date-Added = {2018-05-25 13:06:57 +0000},
	Date-Modified = {2018-05-25 13:07:02 +0000},
	Journal = {arXiv preprint arXiv:1611.01578},
	Title = {Neural architecture search with reinforcement learning},
	Year = {2016}}

@inproceedings{sundermeyer,
	Author = {Sundermeyer, Martin and Schl{\"u}ter, Ralf and Ney, Hermann},
	Booktitle = {Thirteenth Annual Conference of the International Speech Communication Association},
	Date-Added = {2018-05-25 13:00:58 +0000},
	Date-Modified = {2018-05-25 13:01:02 +0000},
	Title = {LSTM neural networks for language modeling},
	Year = {2012}}

@book{goodfellow,
	Author = {Ian Goodfellow and Yoshua Bengio and Aaron Courville},
	Date-Added = {2018-05-25 11:57:10 +0000},
	Date-Modified = {2018-05-25 12:59:22 +0000},
	Note = {\url{http://www.deeplearningbook.org}},
	Publisher = {MIT Press},
	Title = {Deep Learning},
	Year = {2016}}

@article{bengio,
	Author = {Bengio, Yoshua and Ducharme, R{\'e}jean and Vincent, Pascal and Jauvin, Christian},
	Date-Added = {2018-05-25 11:53:23 +0000},
	Date-Modified = {2018-05-25 11:53:38 +0000},
	Journal = {Journal of machine learning research},
	Number = {Feb},
	Pages = {1137--1155},
	Title = {A neural probabilistic language model},
	Volume = {3},
	Year = {2003}}

@book{irbook,
	Author = {Sch{\"u}tze, Hinrich and Manning, Christopher D and Raghavan, Prabhakar},
	Publisher = {Cambridge University Press},
	Title = {Introduction to information retrieval},
	Volume = {39},
	Year = {2008}}

@inproceedings{polyglot,
	Address = {Sofia, Bulgaria},
	Author = {Al-Rfou, Rami and Perozzi, Bryan and Skiena, Steven},
	Booktitle = {Proceedings of the Seventeenth Conference on Computational Natural Language Learning},
	Month = {August},
	Pages = {183--192},
	Publisher = {Association for Computational Linguistics},
	Title = {Polyglot: Distributed Word Representations for Multilingual NLP},
	Url = {http://www.aclweb.org/anthology/W13-3520},
	Year = {2013},
	Bdsk-Url-1 = {http://www.aclweb.org/anthology/W13-3520}}

@inproceedings{cho,
	Author = {Cho, Kyunghyun and van Merrienboer, Bart and Gulcehre, Caglar and Bahdanau, Dzmitry and Bougares, Fethi and Schwenk, Holger and Bengio, Yoshua},
	Booktitle = {Proceedings of the 2014 Conference on Empirical Methods in Natural Language Processing (EMNLP)},
	Date-Modified = {2018-05-25 13:02:36 +0000},
	Doi = {10.3115/v1/D14-1179},
	Location = {Doha, Qatar},
	Pages = {1724--1734},
	Publisher = {Association for Computational Linguistics},
	Title = {Learning Phrase Representations using RNN Encoder--Decoder for Statistical Machine Translation},
	Url = {http://www.aclweb.org/anthology/D14-1179},
	Year = {2014},
	Bdsk-Url-1 = {http://www.aclweb.org/anthology/D14-1179},
	Bdsk-Url-2 = {https://doi.org/10.3115/v1/D14-1179}}

@book{heaps,
	Address = {New York ; London},
	Author = {Heaps, Harold Stanley},
	Booktitle = {Information retrieval : computational and theoretical aspects},
	Date-Modified = {2018-05-25 13:07:51 +0000},
	Isbn = {0123357500},
	Keywords = {Information storage and retrieval systems},
	Language = {eng},
	Publisher = {Academic Press},
	Series = {Library and information science},
	Title = {Information retrieval : computational and theoretical aspects},
	Year = {1978}}

@article{elman,
	Author = {Jeffrey L. Elman},
	Date-Modified = {2018-05-25 12:59:25 +0000},
	Doi = {https://doi.org/10.1016/0364-0213(90)90002-E},
	Issn = {0364-0213},
	Journal = {Cognitive Science},
	Number = {2},
	Pages = {179 - 211},
	Title = {Finding structure in time},
	Url = {http://www.sciencedirect.com/science/article/pii/036402139090002E},
	Volume = {14},
	Year = {1990},
	Bdsk-Url-1 = {http://www.sciencedirect.com/science/article/pii/036402139090002E},
	Bdsk-Url-2 = {https://doi.org/10.1016/0364-0213(90)90002-E}}

@article{hochreiter-schmidhuber,
	Acmid = {1246450},
	Address = {Cambridge, MA, USA},
	Author = {Hochreiter, Sepp and Schmidhuber, J\"{u}rgen},
	Date-Modified = {2018-05-25 13:01:24 +0000},
	Doi = {10.1162/neco.1997.9.8.1735},
	Issn = {0899-7667},
	Issue_Date = {November 15, 1997},
	Journal = {Neural Comput.},
	Month = nov,
	Number = {8},
	Numpages = {46},
	Pages = {1735--1780},
	Publisher = {MIT Press},
	Title = {Long Short-Term Memory},
	Url = {http://dx.doi.org/10.1162/neco.1997.9.8.1735},
	Volume = {9},
	Year = {1997},
	Bdsk-Url-1 = {http://dx.doi.org/10.1162/neco.1997.9.8.1735}}

@inproceedings{mikolov,
	Added-At = {2015-04-09T00:00:00.000+0200},
	Author = {Mikolov, Tomas and Karafi{\'a}t, Martin and Burget, Luk{\'a}s and Cernock{\'y}, Jan and Khudanpur, Sanjeev},
	Biburl = {https://www.bibsonomy.org/bibtex/2aee1e280d06e82474b17c4996aaea076/dblp},
	Booktitle = {INTERSPEECH},
	Date-Modified = {2018-05-25 13:23:16 +0000},
	Editor = {Kobayashi, Takao and Hirose, Keikichi and Nakamura, Satoshi},
	Ee = {http://www.isca-speech.org/archive/interspeech_2010/i10_1045.html},
	Interhash = {9cabdcef2ed097906bff2cb7a327e61e},
	Intrahash = {aee1e280d06e82474b17c4996aaea076},
	Keywords = {dblp},
	Pages = {1045-1048},
	Publisher = {ISCA},
	Timestamp = {2015-06-21T06:10:05.000+0200},
	Title = {Recurrent neural network based language model.},
	Url = {http://dblp.uni-trier.de/db/conf/interspeech/interspeech2010.html#MikolovKBCK10},
	Year = 2010,
	Bdsk-Url-1 = {http://dblp.uni-trier.de/db/conf/interspeech/interspeech2010.html#MikolovKBCK10}}

@article{graves,
	Archiveprefix = {arXiv},
	Author = {Alex Graves},
	Bibsource = {dblp computer science bibliography, https://dblp.org},
	Biburl = {https://dblp.org/rec/bib/journals/corr/Graves13},
	Date-Modified = {2018-05-25 12:59:14 +0000},
	Eprint = {1308.0850},
	Journal = {CoRR},
	Timestamp = {Wed, 07 Jun 2017 14:40:15 +0200},
	Title = {Generating Sequences With Recurrent Neural Networks},
	Url = {http://arxiv.org/abs/1308.0850},
	Volume = {abs/1308.0850},
	Year = {2013},
	Bdsk-Url-1 = {http://arxiv.org/abs/1308.0850}}

@inproceedings{Sutskever,
	Acmid = {3104610},
	Address = {USA},
	Author = {Sutskever, Ilya and Martens, James and Hinton, Geoffrey},
	Booktitle = {Proceedings of the 28th International Conference on International Conference on Machine Learning},
	Isbn = {978-1-4503-0619-5},
	Location = {Bellevue, Washington, USA},
	Numpages = {8},
	Pages = {1017--1024},
	Publisher = {Omnipress},
	Series = {ICML'11},
	Title = {Generating Text with Recurrent Neural Networks},
	Url = {http://dl.acm.org/citation.cfm?id=3104482.3104610},
	Year = {2011},
	Bdsk-Url-1 = {http://dl.acm.org/citation.cfm?id=3104482.3104610}}
    
@misc{linguistic-typology,
  title={The Oxford Handbook of Linguistic Typology},
  author={Cysouw, Michael},
  year={2016},
  publisher={JSTOR}}
  
@book{haspelmath,
  title={Understanding morphology},
  author={Haspelmath, Martin and Sims, Andrea},
  year={2013},
  url = {https://www.researchgate.net/publication/271018639_Understanding_Morphology}
}

@article{hwang,
	Author = {Kyuyeon Hwang and Wonyong Sung},
	Journal = {CoRR},
	Title = {Character-Level Language Modeling with Hierarchical Recurrent Neural Networks},
	Volume = {abs/1609.03777},
	Year = {2016}}



